@misc{gee_agboola_2018,
title={CUED GF2 Software: Main Handout},
url={https://www.vle.cam.ac.uk/pluginfile.php/13279532/mod_resource/content/18/handout_19.pdf},
publisher={Cambridge University Engineering Departement}, author={Gee, Andrew and Agboola, Mojisola},
year={2018}, month={Sep}
}
